%Plačiau apie šaltinių tipus ir jų atributus:
%http://mirror.datacenter.by/pub/mirrors/CTAN/macros/latex/contrib/biblatex/doc/biblatex.pdf#subsection.2.1

@inproceedings{macrobase_overview,
	author={Peter Bailis and Edward Gan and Samuel Madden and Deepak Narayanan and Kexin Rong and Sahaana Suri},
	organization={Stanford Infolab and Massachusetts Institute of Technology},
	title={MacroBase: Prioritizing Attention in Fast Data},
	booktitle={SIGMOD '17- Proceedings of the 2017 ACM International Conference on Management of Data},
	date={2017},
	publisher={ACM New York},
	address={Chicago, Illinois, USA},
	pages={541-556},
	isbn={978-1-4503-4197-4},
}

@inproceedings{prioritizing_attention,
	author={Peter Bailis and Edward Gan and Kexin Rong and Sahaana Suri},
	organization={Stanford Infolab},
	title={Prioritizing Attention in Fast Data: Principles and Promise},
	booktitle={CIDR 2017, 8th Biennial Conference on Innovative Data Systems Research},
	year={2017},
}

@online{twitter,
	author={Anthony Asta},
	title={Observability at Twitter: technical overview, part I},
	year={2016},
	url={https://blog.twitter.com/engineering/en_us/a/2016/observability-at-twitter-technical-overview-part-i.html},
}

@inproceedings{facebook,
	author={Tuomas Pelkonen and Scott Franklin and Justin Teller and Paul Cavallaro and Qi Huang and Justin Meza and Kaushik Veeraraghavan},
	title={Gorilla: A Fast, Scalable, In-Memory Time Series Database},
	organization={Facebook Inc.},
	booktitle={VLDB Endowment - Proceedings of the 41st International Conference on Very Large Data Bases},
	year={2015},
	pages={1816-1827},
	address={Kohala Coast, Hawaii},
}

@online{linkedin,
	author={Alex Woodie},
	title={Kafka Tops 1 Trillion Messages Per Day at LinkedIn},
	year={2015},
	url={https://www.datanami.com/2015/09/02/kafka-tops-1-trillion-messages-per-day-at-linkedin/},
}

@online{iof,
	author={Dell EMC},
	title={The Digital Universe of Opportunities: Rich Data and the Increasing Value of the Internet of Things},
	year={2014},
	url={http://www.emc.com/leadership/digital-universe/},
}

@book{iof_investments,
	author={James Manyika and Michael Chui and Peter Bisson and Jonathan Woetzel and Richard Dobbs and Jacques Bughin Dan Aharon},
	title={McKinsey Global Institute: The internet of things: mapping the
value beyond the hype},
	year={2015},
}

@inbook{attention,
	author={Herbert A. Simon},
	editor={Martin Greenberger},
	title={Designing Organizations for an Information-Rich World},
	booktitle={In Computers, communications, and the public interest},
	year={1971},
	pages={37-72},
}

@book{little_design,
	author={Sophie Lovell and Klaus Kemp and Jonathan Ive},
	title={Dieter Rams: As Little Design as Possible},
	year={2011},
	publisher={Phaidon Press},
}

%@article{PvzStraipsnLt,
%    author={A. Pavardenis and B. Pavardonis and C. Pavardauskas},
%    title={Straipsnio pavadinimas},
%    journal={Žurnalo pavadinimas},
%    year={2001},
%    volume={IV},
%    pages={8-17},
%} 
%
%@article{PvzStraipsnEn,
%    author={A. Surname and B. Tsurname and C. Usurname},
%    title={Article Title},
%    journal={Journal Title},
%    year={2001},
%    volume={IV},
%    pages={3-15},
%    langid={english},
%} 
%
%@inproceedings{PvzKonfLt,
%    author={A. Pavardenis and B. Pavardonis and C. Pavardauskas and D. Pavardinskas},
%    title={Straipsnio pavadinimas},
%    booktitle={Rinkinio pavadinimas},
%    year={2002},
%    publisher={Leidykla},
%    address={Miestas, šalis},
%    pages={3-15},
%}
%
%@inproceedings{PvzKonfEn,
%    author={A. Surname and B. Tsurname and C. Usurname and D. Vsurname},
%    title={Article title},
%    booktitle={Conference book title},
%    year={2002},
%    publisher={Publisher},
%    address={City, country},
%    pages={3-15},
%    langid={english},
%}
%
%@book{PvzKnygLt,  
%    author={A. Pavardenis and B. Pavardonis and C. Pavardauskas},
%    title={Knygos pavadinimas},
%    publisher={Leidykla},
%    year={2003},
%    address={Miestas, šalis},
%    note={172 psl.},
%}
%
%@book{PvzKnygEn,  
%    author={A. Surname and B. Tsurname and C. Usurname},
%    title={Book title},
%    publisher={Publisher},
%    year={2003},
%    address={City, country},
%    note={172 p.},
%    langid={english},
%}
%
%@misc{PvzElPubLt,
%    author={A. Pavardenis and B. Pavardonis and C. Šavardauskas},
%    title={Elektroninės publikacijos pavadinimas},
%    howpublished={\url{http://example.com/kelias/iki/straipsnio.pdf}},
%    year={2004}, 
%    note={45 KB, tikrinta 2015-02-01},
%}
%
%@misc{PvzElPubEn,
%    author={A. Surname and B. Tsurname and C. Usurname},
%    title={Online Source Title},
%    howpublished={\url{http://example.com/path/to/the/article.pdf}},
%    year={2004}, 
%    note={45 KB, accessed 2015-02-01.},
%    langid={english},
%}
%
%@mastersthesis{PvzMagistrLt,
%    author={A. Pavardonis},
%    title={Magistrinio darbo pavadinimas},
%    school={Universiteto pavadinimas},
%    year={2005},
%}
%
%@phdthesis{PvzPhdEn,
%    author={A. Surname},
%    title={Ttitle of PhD thesis},
%    school={Title of university},
%    year={2005},
%    langid={english},
%}
